<record xmlns:xsi="http://www.w3.org/2001/XMLSchema-instance" xmlns="http://www.loc.gov/MARC21/slim" xsi:schemaLocation="http://www.loc.gov/MARC21/slim http://www.loc.gov/standards/marcxml/schema/MARC21slim.xsd">

  <leader>00929nam a2200193   4500</leader>
  <datafield ind2=" " ind1=" " tag="999">
    <subfield code="c">3537</subfield>
    <subfield code="d">3537</subfield>
  </datafield>
  <controlfield tag="008">180712b2017    cr a|||| |||| 00| 0 spa d</controlfield>
  <datafield ind1=" " tag="090" ind2=" ">
    <subfield code="a">Tesis # 62</subfield>
  </datafield>
  <datafield tag="100" ind1=" " ind2=" ">
    <subfield code="9">4022</subfield>
    <subfield code="a">Araya Sánchez, Haidy</subfield>
  </datafield>
  <datafield ind2="3" tag="245" ind1="1">
    <subfield code="a">El uso del lenguaje SMS por parte de la población estudiantil de VI año en tres centros educativos de la Región de Occidente y su posible interacción con el desarrollo de habilidades ortográficas /</subfield>
    <subfield code="c">Haidy Araya Sánchez y Gabriela Calderón Vargas</subfield>
  </datafield>
  <datafield ind2=" " tag="260" ind1=" ">
    <subfield code="a">Costa Rica :</subfield>
    <subfield code="b">Araya, H., Calderón, G.,</subfield>
    <subfield code="c">2017</subfield>
  </datafield>
  <datafield ind2=" " tag="300" ind1=" ">
    <subfield code="a">150 páginas;</subfield>
    <subfield code="b">ilustraciones</subfield>
  </datafield>
  <datafield ind2=" " ind1=" " tag="502">
    <subfield code="a">Tesis (Licenciatura en ciencias de la educación primaria con énfasis en I y II ciclo) -- Universidad de Costa Rica. Sede de Occidente</subfield>
  </datafield>
  <datafield tag="650" ind1="1" ind2="4">
    <subfield code="9">889</subfield>
    <subfield code="a">LENGUAJE </subfield>
  </datafield>
  <datafield ind2="4" ind1="1" tag="650">
    <subfield code="9">150</subfield>
    <subfield code="a">COMUNICACIÓN</subfield>
  </datafield>
  <datafield ind2="4" tag="650" ind1="1">
    <subfield code="9">925</subfield>
    <subfield code="a">TECNOLOGÍA DE LAS COMUNICACIONES</subfield>
  </datafield>
  <datafield ind2="4" tag="650" ind1="1">
    <subfield code="9">3807</subfield>
    <subfield code="a">ORTOGRAFÍA</subfield>
  </datafield>
  <datafield ind1="1" tag="650" ind2="4">
    <subfield code="9">644</subfield>
    <subfield code="a">DESARROLLO DE HABILIDADES</subfield>
  </datafield>
  <datafield ind1=" " tag="942" ind2=" ">
    <subfield code="2">z</subfield>
    <subfield code="c">01</subfield>
  </datafield>
</record>